@book{Spinellis:2006:CQO:1197266,
 author = {Spinellis, Diomidis},
 title = {Code Quality: The Open Source Perspective (Effective Software Development Series)},
 year = {2006},
 isbn = {0321166078},
 publisher = {Addison-Wesley Professional},
} 